%% This BibTeX bibliography file was created using BibDesk.
%% http://bibdesk.sourceforge.net/


%% Created for lossius at 2009-07-07 14:14:30 +0200 


%% Saved with string encoding Unicode (UTF-8) 


