
%% Created for lossius at 2008-02-08 22:10:51 +0100 


%% Saved with string encoding Western (ASCII) 

@bibdesk_info{document_info,
	Author = {Alexander Refsum Jensenius}
}


@manual{Place:2005hipno,
	Author = {Place, T. and Wolek, N. and Allison, J.},
	Date-Added = {2008-02-08 22:10:27 +0100},
	Date-Modified = {2008-02-08 22:10:27 +0100},
	Keywords = {dsp, Max, filters, synthesis, trond},
	Organization = {Cycling'74 and Electrotap},
	Title = {Hipno: Getting Started},
	Url = {http://www.cycling74.com},
	Year = {2005},
	Bdsk-Url-1 = {http://www.cycling74.com}}

@inproceedings{Bencina:2005metasurface,
	Author = {Ross Bencina},
	Booktitle = {Proceedings of The 2005 International Conference on New Interfaces for Musical Expression (NIME05)},
	Date-Added = {2008-02-08 22:08:32 +0100},
	Date-Modified = {2008-02-08 22:10:49 +0100},
	Keywords = {audiomulch, mapping},
	Title = {The Metasurface -- Applying Natural Neighbour Interpolation to Two-to-Many Mapping},
	Year = {2005},
	Bdsk-File-1 = {YnBsaXN0MDDUAQIDBAUGBwpZJGFyY2hpdmVyWCR2ZXJzaW9uVCR0b3BYJG9iamVjdHNfEA9OU0tleWVkQXJjaGl2ZXISAAGGoNEICVRyb290gAGoCwwXGBkaHiVVJG51bGzTDQ4PEBMWWk5TLm9iamVjdHNXTlMua2V5c1YkY2xhc3OiERKABIAFohQVgAKAA4AHXHJlbGF0aXZlUGF0aFlhbGlhc0RhdGFfEEsuLi8uLi8uLi8uLi9Eb2N1bWVudHMvQXJ0aWtsZXIvX2JpYmRlc2tfaW5kZXhlZC9CZW5jaW5hXzIwMDVtZXRhc3VyZmFjZS5wZGbSGw8cHVdOUy5kYXRhTxEB9AAAAAAB9AACAAAMTWFjaW50b3NoIEhEAAAAAAAAAAAAAAAAAAAAweb+okgrAAAACL0wG0JlbmNpbmFfMjAwNW1ldGFzdXJmYWNlLnBkZgAAAAAAAAAAAAAAAAAAAAAAAAAAAAAAAAAAAAAAAAAAAAAAAAA9tCDD0TPVUERGIHBydncABAAEAAAJIAAAAAAAAAAAAAAAAAAAABBfYmliZGVza19pbmRleGVkABAACAAAwebwkgAAABEACAAAw9ElxQAAAAEAFAAIvTAACL0uAAijTgAH8FQAAG8gAAIAWk1hY2ludG9zaCBIRDpVc2Vyczpsb3NzaXVzOkRvY3VtZW50czpBcnRpa2xlcjpfYmliZGVza19pbmRleGVkOkJlbmNpbmFfMjAwNW1ldGFzdXJmYWNlLnBkZgAOADgAGwBCAGUAbgBjAGkAbgBhAF8AMgAwADAANQBtAGUAdABhAHMAdQByAGYAYQBjAGUALgBwAGQAZgAPABoADABNAGEAYwBpAG4AdABvAHMAaAAgAEgARAASAE1Vc2Vycy9sb3NzaXVzL0RvY3VtZW50cy9BcnRpa2xlci9fYmliZGVza19pbmRleGVkL0JlbmNpbmFfMjAwNW1ldGFzdXJmYWNlLnBkZgAAEwABLwAAFQACAA7//wAAgAbSHyAhIlgkY2xhc3Nlc1okY2xhc3NuYW1loyIjJF1OU011dGFibGVEYXRhVk5TRGF0YVhOU09iamVjdNIfICYnoickXE5TRGljdGlvbmFyeQAIABEAGwAkACkAMgBEAEkATABRAFMAXABiAGkAdAB8AIMAhgCIAIoAjQCPAJEAkwCgAKoA+AD9AQUC/QL/AwQDDQMYAxwDKgMxAzoDPwNCAAAAAAAAAgEAAAAAAAAAKAAAAAAAAAAAAAAAAAAAA08=}}

@article{Krasner:1988,
	Address = {Denville, NJ, USA},
	Author = {Krasner, Glenn E. and Pope, Stephen T.},
	Date-Added = {2008-02-05 21:46:13 +0100},
	Date-Modified = {2008-02-05 21:46:14 +0100},
	Issn = {0896-8438},
	Journal = {J. Object Oriented Program.},
	Number = {3},
	Pages = {26--49},
	Publisher = {SIGS Publications},
	Title = {A cookbook for using the model-view controller user interface paradigm in Smalltalk-80},
	Volume = {1},
	Year = {1988},
	Bdsk-Url-1 = {http://www.ics.uci.edu/~redmiles/ics227-SQ04/papers/KrasnerPope88.pdf}}

@inproceedings{Momeni:2003,
	Address = {Montreal, Quebec, Canada},
	Author = {Momeni, A. and Wessel, David},
	Booktitle = {Proceedings of the 2003 Conference on New Interfaces for Musical Expression},
	Date-Added = {2008-02-04 23:06:05 -0600},
	Date-Modified = {2008-02-04 23:06:05 -0600},
	Keywords = {Hipno, Gesture, Mapping},
	Month = {May},
	Pages = {54-62},
	Title = {Characterizing and Controlling Musical Material Intuitively with Geometric Models},
	Year = {2003},
	Bdsk-File-1 = {YnBsaXN0MDDUAQIDBAUGBwpZJGFyY2hpdmVyWCR2ZXJzaW9uVCR0b3BYJG9iamVjdHNfEA9OU0tleWVkQXJjaGl2ZXISAAGGoNEICVRyb290gAGoCwwXGBkaHiVVJG51bGzTDQ4PEBMWWk5TLm9iamVjdHNXTlMua2V5c1YkY2xhc3OiERKABIAFohQVgAKAA4AHXHJlbGF0aXZlUGF0aFlhbGlhc0RhdGFfEC8uLi8uLi8uLi8uLi9Eb2N1bWVudHMvQmliL01vbWVuaS9Nb21lbmkyMDAzLnBkZtIbDxwdV05TLmRhdGFPEQF4AAAAAAF4AAIAAARsaW1lAAAAAAAAAAAAAAAAAAAAAAAAAAAAAADBcTjpSCsAAAEBeIIOTW9tZW5pMjAwMy5wZGYAAAAAAAAAAAAAAAAAAAAAAAAAAAAAAAAAAAAAAAAAAAAAAAAAAAAAAAAAAAAAAAAAAQF4iMPJV7UAAAAAAAAAAAAEAAQAAAkgAAAAAAAAAAAAAAAAAAAABk1vbWVuaQAQAAgAAMFxjUkAAAARAAgAAMPJrBUAAAABABQBAXiCAN4hYgAH2L4AB9ixAABvGQACADJsaW1lOlVzZXJzOnRpbTpEb2N1bWVudHM6QmliOk1vbWVuaTpNb21lbmkyMDAzLnBkZgAOAB4ADgBNAG8AbQBlAG4AaQAyADAAMAAzAC4AcABkAGYADwAKAAQAbABpAG0AZQASAC1Vc2Vycy90aW0vRG9jdW1lbnRzL0JpYi9Nb21lbmkvTW9tZW5pMjAwMy5wZGYAABMAAS8AABUAAgAK//8AAIAG0h8gISJYJGNsYXNzZXNaJGNsYXNzbmFtZaMiIyRdTlNNdXRhYmxlRGF0YVZOU0RhdGFYTlNPYmplY3TSHyAmJ6InJFxOU0RpY3Rpb25hcnkACAARABsAJAApADIARABJAEwAUQBTAFwAYgBpAHQAfACDAIYAiACKAI0AjwCRAJMAoACqANwA4QDpAmUCZwJsAnUCgAKEApICmQKiAqcCqgAAAAAAAAIBAAAAAAAAACgAAAAAAAAAAAAAAAAAAAK3}}

@inproceedings{Place:2008,
	Abstract = {Jamoma is a system for developing high-level modules in the Max/MSP/Jitter environment. Jamoma consists of two parts: A recommendation and an implementation of that recommendation. Jamoma offers a compelling set of benefits to users.  These benefits include fast and flexible interchange of modules, patch-building, and module construction, as well as possibilities of advanced control for the modules in performance. Jamoma modules may encapsulate any type of functionality that can be performed by Max, MSP, Jitter, its components (such as Java or JavaScript), or any third-party objects. 
},
	Address = {Genova, IT},
	Author = {Place, T. and Lossius, T. and Jensenius, A. R. and Peters, N. and Baltazar, P.},
	Booktitle = {Submitted to NIME 2008},
	Date-Added = {2008-02-04 23:02:50 -0600},
	Date-Modified = {2008-02-04 23:02:50 -0600},
	Title = {Addressing Classes by Differentiating Values and Properties in OSC},
	Year = {2008}}

@inproceedings{Place:2008ttblue,
	Abstract = {Jamoma is a system for developing high-level modules in the Max/MSP/Jitter environment. Jamoma consists of two parts: A recommendation and an implementation of that recommendation. Jamoma offers a compelling set of benefits to users.  These benefits include fast and flexible interchange of modules, patch-building, and module construction, as well as possibilities of advanced control for the modules in performance. Jamoma modules may encapsulate any type of functionality that can be performed by Max, MSP, Jitter, its components (such as Java or JavaScript), or any third-party objects. 
},
	Address = {Helsinki, Finland},
	Author = {Place, T. and Lossius?, T.},
	Booktitle = {Submitted to DAFX 2008},
	Date-Added = {2008-02-04 22:28:39 -0600},
	Date-Modified = {2008-02-04 23:04:42 -0600},
	Title = {TTBlue: A Dynamically-Bound DSP Library in C++},
	Year = {2008}}

@techreport{Wright:2002,
	Author = {Wright, Matthew},
	Date-Added = {2008-02-04 08:16:29 +0100},
	Date-Modified = {2008-02-04 08:22:26 +0100},
	Institution = {Avaliable: \texttt{http://opensoundcontrol.org/spec-1\_0}},
	Title = {The Open Sound Control 1.0 Specification. Version 1.0},
	Year = {2002}}

@techreport{xml:2006,
	Author = {Bray, T. and Paoli, Jean and Sperberg-McQueen, C. M. and Maler, Eve and Yergeau, Fran{\c c}ois},
	Date-Added = {2008-02-03 14:20:09 -0600},
	Date-Modified = {2008-02-03 14:20:09 -0600},
	Institution = {W3C},
	Keywords = {xml},
	Month = {September},
	Title = {Extensible Markup Language (XML) 1.0 (Fourth Edition)},
	Url = {http://www.w3.org/TR/2006/REC-xml-20060816/},
	Year = {2006},
	Bdsk-Url-1 = {http://www.w3.org/TR/2006/REC-xml-20060816/}}

@inproceedings{Wright:2004,
	Address = {Miami, FL},
	Author = {Wright, Matthew and Dannenberg, Roger and Pope, Stephen and Rodet, Xavier and Serra, Xavier and Wessel, David},
	Booktitle = {Proceedings of the International Computer Music Conference},
	Date-Added = {2008-01-29 07:09:21 -0600},
	Date-Modified = {2008-02-03 21:06:06 +0100},
	Local-Url = {file://localhost/Users/alexanje/Reference/Bibdesk/Wright/Wright_2004.pdf},
	Pages = {711--714},
	Title = {Panel: Standards from the Computer Music Community},
	Year = {2004},
	Bdsk-File-1 = {YnBsaXN0MDDUAQIDBAUGBwpZJGFyY2hpdmVyWCR2ZXJzaW9uVCR0b3BYJG9iamVjdHNfEA9OU0tleWVkQXJjaGl2ZXISAAGGoNEICVRyb290gAGoCwwXGBkaHiVVJG51bGzTDQ4PEBMWWk5TLm9iamVjdHNXTlMua2V5c1YkY2xhc3OiERKABIAFohQVgAKAA4AHXHJlbGF0aXZlUGF0aFlhbGlhc0RhdGFfEDcuLi8uLi8uLi8uLi8uLi9SZWZlcmVuY2UvQmliZGVzay9XcmlnaHQvV3JpZ2h0XzIwMDQucGRm0hsPHB1XTlMuZGF0YU8RAaYAAAAAAaYAAgAADE1hY2ludG9zaCBIRAAAAAAAAAAAAAAAAAAAAMBqtRdIKwAAAB6MrA9XcmlnaHRfMjAwNC5wZGYAAAAAAAAAAAAAAAAAAAAAAAAAAAAAAAAAAAAAAAAAAAAAAAAAAAAAAAAAAAAAAAAAJ0EpwgD1ZFBERiBwcnZ3AAUABAAACSAAAAAAAAAAAAAAAAAAAAAGV3JpZ2h0ABAACAAAwGqY9wAAABEACAAAwgDnVAAAAAEAFAAejKwAHBxWAAhkZQAIWdEAAGiFAAIARE1hY2ludG9zaCBIRDpVc2VyczphbGV4YW5qZTpSZWZlcmVuY2U6QmliZGVzazpXcmlnaHQ6V3JpZ2h0XzIwMDQucGRmAA4AIAAPAFcAcgBpAGcAaAB0AF8AMgAwADAANAAuAHAAZABmAA8AGgAMAE0AYQBjAGkAbgB0AG8AcwBoACAASABEABIAN1VzZXJzL2FsZXhhbmplL1JlZmVyZW5jZS9CaWJkZXNrL1dyaWdodC9XcmlnaHRfMjAwNC5wZGYAABMAAS8AABUAAgAP//8AAIAG0h8gISJYJGNsYXNzZXNaJGNsYXNzbmFtZaMiIyRdTlNNdXRhYmxlRGF0YVZOU0RhdGFYTlNPYmplY3TSHyAmJ6InJFxOU0RpY3Rpb25hcnkACAARABsAJAApADIARABJAEwAUQBTAFwAYgBpAHQAfACDAIYAiACKAI0AjwCRAJMAoACqAOQA6QDxApsCnQKiAqsCtgK6AsgCzwLYAt0C4AAAAAAAAAIBAAAAAAAAACgAAAAAAAAAAAAAAAAAAALt}}

@unpublished{Schmeder:2004oscqs,
	Author = {Schmeder, Andrew W. and Wright, Matthew},
	Date-Added = {2007-12-28 21:25:51 +0100},
	Date-Modified = {2007-12-28 21:33:03 +0100},
	Keywords = {osc},
	Month = {July},
	Note = {Draft Proposal},
	Title = {A Query System for {Open Sound Control}},
	Year = {2004}}

@unpublished{Habets:2005,
	Author = {Habets, Martin},
	Date-Added = {2007-12-14 16:35:29 +0100},
	Date-Modified = {2008-02-03 20:56:58 +0100},
	Note = {System version 0.0.1},
	Title = {{OSCQS} - Schema for OpenSound Control Query},
	Year = {2005},
	Bdsk-File-1 = {YnBsaXN0MDDUAQIDBAUGBwpZJGFyY2hpdmVyWCR2ZXJzaW9uVCR0b3BYJG9iamVjdHNfEA9OU0tleWVkQXJjaGl2ZXISAAGGoNEICVRyb290gAGoCwwXGBkaHiVVJG51bGzTDQ4PEBMWWk5TLm9iamVjdHNXTlMua2V5c1YkY2xhc3OiERKABIAFohQVgAKAA4AHXHJlbGF0aXZlUGF0aFlhbGlhc0RhdGFfEDcuLi8uLi8uLi8uLi8uLi9SZWZlcmVuY2UvQmliZGVzay9IYWJldHMvSGFiZXRzXzIwMDUucGRm0hsPHB1XTlMuZGF0YU8RAaYAAAAAAaYAAgAADE1hY2ludG9zaCBIRAAAAAAAAAAAAAAAAAAAAMBqtRdIKwAAAFs2Ng9IYWJldHNfMjAwNS5wZGYAAAAAAAAAAAAAAAAAAAAAAAAAAAAAAAAAAAAAAAAAAAAAAAAAAAAAAAAAAAAAAAAAWzXiw4hewgAAAAAAAAAAAAUABAAACSAAAAAAAAAAAAAAAAAAAAAGSGFiZXRzABAACAAAwGqY9wAAABEACAAAw4hQsgAAAAEAFABbNjYAHBxWAAhkZQAIWdEAAGiFAAIARE1hY2ludG9zaCBIRDpVc2VyczphbGV4YW5qZTpSZWZlcmVuY2U6QmliZGVzazpIYWJldHM6SGFiZXRzXzIwMDUucGRmAA4AIAAPAEgAYQBiAGUAdABzAF8AMgAwADAANQAuAHAAZABmAA8AGgAMAE0AYQBjAGkAbgB0AG8AcwBoACAASABEABIAN1VzZXJzL2FsZXhhbmplL1JlZmVyZW5jZS9CaWJkZXNrL0hhYmV0cy9IYWJldHNfMjAwNS5wZGYAABMAAS8AABUAAgAP//8AAIAG0h8gISJYJGNsYXNzZXNaJGNsYXNzbmFtZaMiIyRdTlNNdXRhYmxlRGF0YVZOU0RhdGFYTlNPYmplY3TSHyAmJ6InJFxOU0RpY3Rpb25hcnkACAARABsAJAApADIARABJAEwAUQBTAFwAYgBpAHQAfACDAIYAiACKAI0AjwCRAJMAoACqAOQA6QDxApsCnQKiAqsCtgK6AsgCzwLYAt0C4AAAAAAAAAIBAAAAAAAAACgAAAAAAAAAAAAAAAAAAALt}}

@inproceedings{Malloch:2007,
	Address = {Copenhagen},
	Author = {Malloch, Joseph and Sinclair, S. and Wanderley, Marcelo M.},
	Booktitle = {Proceedings of the International Computer Music Conference},
	Date-Added = {2007-12-14 16:30:11 +0100},
	Date-Modified = {2008-02-03 21:05:41 +0100},
	Title = {From Controller to Sound: Tools for Collaborative Development of Digital Musical Instruments},
	Year = {2007},
	Bdsk-File-1 = {YnBsaXN0MDDUAQIDBAUGBwpZJGFyY2hpdmVyWCR2ZXJzaW9uVCR0b3BYJG9iamVjdHNfEA9OU0tleWVkQXJjaGl2ZXISAAGGoNEICVRyb290gAGoCwwXGBkaHiVVJG51bGzTDQ4PEBMWWk5TLm9iamVjdHNXTlMua2V5c1YkY2xhc3OiERKABIAFohQVgAKAA4AHXHJlbGF0aXZlUGF0aFlhbGlhc0RhdGFfEDkuLi8uLi8uLi8uLi8uLi9SZWZlcmVuY2UvQmliZGVzay9NYWxsb2NoL01hbGxvY2hfMjAwNy5wZGbSGw8cHVdOUy5kYXRhTxEBrgAAAAABrgACAAAMTWFjaW50b3NoIEhEAAAAAAAAAAAAAAAAAAAAwGq1F0grAAAAJFtfEE1hbGxvY2hfMjAwNy5wZGYAAAAAAAAAAAAAAAAAAAAAAAAAAAAAAAAAAAAAAAAAAAAAAAAAAAAAAAAAAAAAAAAzYjXClaKtUERGIHBydncABQAEAAAJIAAAAAAAAAAAAAAAAAAAAAdNYWxsb2NoAAAQAAgAAMBqmPcAAAARAAgAAMKVho0AAAABABQAJFtfABwcVgAIZGUACFnRAABohQACAEZNYWNpbnRvc2ggSEQ6VXNlcnM6YWxleGFuamU6UmVmZXJlbmNlOkJpYmRlc2s6TWFsbG9jaDpNYWxsb2NoXzIwMDcucGRmAA4AIgAQAE0AYQBsAGwAbwBjAGgAXwAyADAAMAA3AC4AcABkAGYADwAaAAwATQBhAGMAaQBuAHQAbwBzAGgAIABIAEQAEgA5VXNlcnMvYWxleGFuamUvUmVmZXJlbmNlL0JpYmRlc2svTWFsbG9jaC9NYWxsb2NoXzIwMDcucGRmAAATAAEvAAAVAAIAD///AACABtIfICEiWCRjbGFzc2VzWiRjbGFzc25hbWWjIiMkXU5TTXV0YWJsZURhdGFWTlNEYXRhWE5TT2JqZWN00h8gJieiJyRcTlNEaWN0aW9uYXJ5AAgAEQAbACQAKQAyAEQASQBMAFEAUwBcAGIAaQB0AHwAgwCGAIgAigCNAI8AkQCTAKAAqgDmAOsA8wKlAqcCrAK1AsACxALSAtkC4gLnAuoAAAAAAAACAQAAAAAAAAAoAAAAAAAAAAAAAAAAAAAC9w==}}

@inproceedings{Coduys:2004,
	Author = {Coduys, T. and Ferry, G.},
	Booktitle = {Proceedings of the International Conference on Sound and Music Computing},
	Date-Added = {2007-12-14 15:49:30 +0100},
	Date-Modified = {2008-02-03 20:56:30 +0100},
	Title = {{IanniX} aesthetical/symbolic visualisations for hypermedia composition},
	Year = {2004}}

@inproceedings{Kaltenbrunner:2005,
	Author = {Kaltenbrunner, M. and Bovermann, T. and Bencina, R. and Costanza, E.},
	Booktitle = {Proceedings of the 6th International Gesture Workshop, Vannes, France, 18-21 May},
	Date-Added = {2007-12-14 15:29:49 +0100},
	Date-Modified = {2007-12-14 15:29:49 +0100},
	Keywords = {Musical Gestures},
	Local-Url = {file://localhost/Users/alexanje/Reference/Bibdesk/Kaltenbrunner/Kaltenbrunner_2005.pdf},
	Title = {TUIO - A Protocol for Table Based Tangible User Interfaces},
	Year = {2005},
	Bdsk-File-1 = {YnBsaXN0MDDUAQIDBAUGBwpZJGFyY2hpdmVyWCR2ZXJzaW9uVCR0b3BYJG9iamVjdHNfEA9OU0tleWVkQXJjaGl2ZXISAAGGoNEICVRyb290gAGoCwwXGBkaHiVVJG51bGzTDQ4PEBMWWk5TLm9iamVjdHNXTlMua2V5c1YkY2xhc3OiERKABIAFohQVgAKAA4AHXHJlbGF0aXZlUGF0aFlhbGlhc0RhdGFfEEUuLi8uLi8uLi8uLi8uLi9SZWZlcmVuY2UvQmliZGVzay9LYWx0ZW5icnVubmVyL0thbHRlbmJydW5uZXJfMjAwNS5wZGbSGw8cHVdOUy5kYXRhTxEB2AAAAAAB2AACAAAMTWFjaW50b3NoIEhEAAAAAAAAAAAAAAAAAAAAwGq1F0grAAAAI2R2FkthbHRlbmJydW5uZXJfMjAwNS5wZGYAAAAAAAAAAAAAAAAAAAAAAAAAAAAAAAAAAAAAAAAAAAAAAAAAAAAAAAAjYbvB37KHAAAAAAAAAAAABQAEAAAJIAAAAAAAAAAAAAAAAAAAAA1LYWx0ZW5icnVubmVyAAAQAAgAAMBqmPcAAAARAAgAAMHfpHcAAAABABQAI2R2ABwcVgAIZGUACFnRAABohQACAFJNYWNpbnRvc2ggSEQ6VXNlcnM6YWxleGFuamU6UmVmZXJlbmNlOkJpYmRlc2s6S2FsdGVuYnJ1bm5lcjpLYWx0ZW5icnVubmVyXzIwMDUucGRmAA4ALgAWAEsAYQBsAHQAZQBuAGIAcgB1AG4AbgBlAHIAXwAyADAAMAA1AC4AcABkAGYADwAaAAwATQBhAGMAaQBuAHQAbwBzAGgAIABIAEQAEgBFVXNlcnMvYWxleGFuamUvUmVmZXJlbmNlL0JpYmRlc2svS2FsdGVuYnJ1bm5lci9LYWx0ZW5icnVubmVyXzIwMDUucGRmAAATAAEvAAAVAAIAD///AACABtIfICEiWCRjbGFzc2VzWiRjbGFzc25hbWWjIiMkXU5TTXV0YWJsZURhdGFWTlNEYXRhWE5TT2JqZWN00h8gJieiJyRcTlNEaWN0aW9uYXJ5AAgAEQAbACQAKQAyAEQASQBMAFEAUwBcAGIAaQB0AHwAgwCGAIgAigCNAI8AkQCTAKAAqgDyAPcA/wLbAt0C4gLrAvYC+gMIAw8DGAMdAyAAAAAAAAACAQAAAAAAAAAoAAAAAAAAAAAAAAAAAAADLQ==}}

@unpublished{Jazzmutant:2006,
	Author = {Jazzmutant},
	Date-Added = {2007-12-14 12:22:05 +0100},
	Date-Modified = {2008-02-03 20:57:29 +0100},
	Note = {Draft Presented at {OSC}-meeting, {NIME} 2006},
	Title = {Extension and Enchancement of the {OSC} Protocol},
	Year = {2006},
	Bdsk-File-1 = {YnBsaXN0MDDUAQIDBAUGBwpZJGFyY2hpdmVyWCR2ZXJzaW9uVCR0b3BYJG9iamVjdHNfEA9OU0tleWVkQXJjaGl2ZXISAAGGoNEICVRyb290gAGoCwwXGBkaHiVVJG51bGzTDQ4PEBMWWk5TLm9iamVjdHNXTlMua2V5c1YkY2xhc3OiERKABIAFohQVgAKAA4AHXHJlbGF0aXZlUGF0aFlhbGlhc0RhdGFfED8uLi8uLi8uLi8uLi8uLi9SZWZlcmVuY2UvQmliZGVzay9KYXp6bXV0YW50L0phenptdXRhbnRfMjAwNi5wZGbSGw8cHVdOUy5kYXRhTxEBwgAAAAABwgACAAAMTWFjaW50b3NoIEhEAAAAAAAAAAAAAAAAAAAAwGq1F0grAAAAI+kmE0phenptdXRhbnRfMjAwNi5wZGYAAAAAAAAAAAAAAAAAAAAAAAAAAAAAAAAAAAAAAAAAAAAAAAAAAAAAAAAAAAAttU3CQb2xAAAAAAAAAAAABQAEAAAJIAAAAAAAAAAAAAAAAAAAAApKYXp6bXV0YW50ABAACAAAwGqY9wAAABEACAAAwkGhkQAAAAEAFAAj6SYAHBxWAAhkZQAIWdEAAGiFAAIATE1hY2ludG9zaCBIRDpVc2VyczphbGV4YW5qZTpSZWZlcmVuY2U6QmliZGVzazpKYXp6bXV0YW50OkphenptdXRhbnRfMjAwNi5wZGYADgAoABMASgBhAHoAegBtAHUAdABhAG4AdABfADIAMAAwADYALgBwAGQAZgAPABoADABNAGEAYwBpAG4AdABvAHMAaAAgAEgARAASAD9Vc2Vycy9hbGV4YW5qZS9SZWZlcmVuY2UvQmliZGVzay9KYXp6bXV0YW50L0phenptdXRhbnRfMjAwNi5wZGYAABMAAS8AABUAAgAP//8AAIAG0h8gISJYJGNsYXNzZXNaJGNsYXNzbmFtZaMiIyRdTlNNdXRhYmxlRGF0YVZOU0RhdGFYTlNPYmplY3TSHyAmJ6InJFxOU0RpY3Rpb25hcnkACAARABsAJAApADIARABJAEwAUQBTAFwAYgBpAHQAfACDAIYAiACKAI0AjwCRAJMAoACqAOwA8QD5Ar8CwQLGAs8C2gLeAuwC8wL8AwEDBAAAAAAAAAIBAAAAAAAAACgAAAAAAAAAAAAAAAAAAAMR}}

@unpublished{Jazzmutant:2007,
	Author = {Jazzmutant},
	Date-Added = {2007-12-14 12:19:52 +0100},
	Date-Modified = {2007-12-28 21:27:46 +0100},
	Keywords = {osc},
	Local-Url = {file://localhost/Users/alexanje/Reference/Bibdesk/Jazzmutant/Jazzmutant_2007.pdf},
	Note = {Draft 25 July},
	Title = {Extension and Enchancement of the {OSC} Protocol},
	Year = {2007},
	Bdsk-File-1 = {YnBsaXN0MDDUAQIDBAUGBwpZJGFyY2hpdmVyWCR2ZXJzaW9uVCR0b3BYJG9iamVjdHNfEA9OU0tleWVkQXJjaGl2ZXISAAGGoNEICVRyb290gAGoCwwXGBkaHiVVJG51bGzTDQ4PEBMWWk5TLm9iamVjdHNXTlMua2V5c1YkY2xhc3OiERKABIAFohQVgAKAA4AHXHJlbGF0aXZlUGF0aFlhbGlhc0RhdGFfED8uLi8uLi8uLi8uLi8uLi9SZWZlcmVuY2UvQmliZGVzay9KYXp6bXV0YW50L0phenptdXRhbnRfMjAwNy5wZGbSGw8cHVdOUy5kYXRhTxEBwgAAAAABwgACAAAMTWFjaW50b3NoIEhEAAAAAAAAAAAAAAAAAAAAwGq1F0grAAAAI+kmE0phenptdXRhbnRfMjAwNy5wZGYAAAAAAAAAAAAAAAAAAAAAAAAAAAAAAAAAAAAAAAAAAAAAAAAAAAAAAAAAAABAdJfDRP3TAAAAAAAAAAAABQAEAAAJIAAAAAAAAAAAAAAAAAAAAApKYXp6bXV0YW50ABAACAAAwGqY9wAAABEACAAAw0ThswAAAAEAFAAj6SYAHBxWAAhkZQAIWdEAAGiFAAIATE1hY2ludG9zaCBIRDpVc2VyczphbGV4YW5qZTpSZWZlcmVuY2U6QmliZGVzazpKYXp6bXV0YW50OkphenptdXRhbnRfMjAwNy5wZGYADgAoABMASgBhAHoAegBtAHUAdABhAG4AdABfADIAMAAwADcALgBwAGQAZgAPABoADABNAGEAYwBpAG4AdABvAHMAaAAgAEgARAASAD9Vc2Vycy9hbGV4YW5qZS9SZWZlcmVuY2UvQmliZGVzay9KYXp6bXV0YW50L0phenptdXRhbnRfMjAwNy5wZGYAABMAAS8AABUAAgAP//8AAIAG0h8gISJYJGNsYXNzZXNaJGNsYXNzbmFtZaMiIyRdTlNNdXRhYmxlRGF0YVZOU0RhdGFYTlNPYmplY3TSHyAmJ6InJFxOU0RpY3Rpb25hcnkACAARABsAJAApADIARABJAEwAUQBTAFwAYgBpAHQAfACDAIYAiACKAI0AjwCRAJMAoACqAOwA8QD5Ar8CwQLGAs8C2gLeAuwC8wL8AwEDBAAAAAAAAAIBAAAAAAAAACgAAAAAAAAAAAAAAAAAAAMR}}

@inproceedings{Bullock:2007,
	Address = {Copenhagen},
	Author = {Bullock, Jamie and Frisk, Henrik},
	Booktitle = {Proceedings of ICMC},
	Date-Added = {2007-12-14 11:52:27 +0100},
	Date-Modified = {2008-02-03 20:56:13 +0100},
	Pages = {43--46},
	Title = {Libintegra: a System for Software-Independent Multimedia Module Description and Storage},
	Year = {2007},
	Bdsk-File-1 = {YnBsaXN0MDDUAQIDBAUGBwpZJGFyY2hpdmVyWCR2ZXJzaW9uVCR0b3BYJG9iamVjdHNfEA9OU0tleWVkQXJjaGl2ZXISAAGGoNEICVRyb290gAGoCwwXGBkaHiVVJG51bGzTDQ4PEBMWWk5TLm9iamVjdHNXTlMua2V5c1YkY2xhc3OiERKABIAFohQVgAKAA4AHXHJlbGF0aXZlUGF0aFlhbGlhc0RhdGFfEDkuLi8uLi8uLi8uLi8uLi9SZWZlcmVuY2UvQmliZGVzay9CdWxsb2NrL0J1bGxvY2tfMjAwNy5wZGbSGw8cHVdOUy5kYXRhTxEBrgAAAAABrgACAAAMTWFjaW50b3NoIEhEAAAAAAAAAAAAAAAAAAAAwGq1F0grAAAAMN/QEEJ1bGxvY2tfMjAwNy5wZGYAAAAAAAAAAAAAAAAAAAAAAAAAAAAAAAAAAAAAAAAAAAAAAAAAAAAAAAAAAAAAAAAwi2PCZ9cuAAAAAAAAAAAABQAEAAAJIAAAAAAAAAAAAAAAAAAAAAdCdWxsb2NrAAAQAAgAAMBqmPcAAAARAAgAAMJnuw4AAAABABQAMN/QABwcVgAIZGUACFnRAABohQACAEZNYWNpbnRvc2ggSEQ6VXNlcnM6YWxleGFuamU6UmVmZXJlbmNlOkJpYmRlc2s6QnVsbG9jazpCdWxsb2NrXzIwMDcucGRmAA4AIgAQAEIAdQBsAGwAbwBjAGsAXwAyADAAMAA3AC4AcABkAGYADwAaAAwATQBhAGMAaQBuAHQAbwBzAGgAIABIAEQAEgA5VXNlcnMvYWxleGFuamUvUmVmZXJlbmNlL0JpYmRlc2svQnVsbG9jay9CdWxsb2NrXzIwMDcucGRmAAATAAEvAAAVAAIAD///AACABtIfICEiWCRjbGFzc2VzWiRjbGFzc25hbWWjIiMkXU5TTXV0YWJsZURhdGFWTlNEYXRhWE5TT2JqZWN00h8gJieiJyRcTlNEaWN0aW9uYXJ5AAgAEQAbACQAKQAyAEQASQBMAFEAUwBcAGIAaQB0AHwAgwCGAIgAigCNAI8AkQCTAKAAqgDmAOsA8wKlAqcCrAK1AsACxALSAtkC4gLnAuoAAAAAAAACAQAAAAAAAAAoAAAAAAAAAAAAAAAAAAAC9w==}}

@inproceedings{Wright:2003,
	Address = {Montreal},
	Annote = {Wright M, Freed A, Momeni A : ``'', Proceedings of the 2003 Conference on New Interfaces for Musical 
Expression (NIME-03), Montreal, Canada. 
},
	Author = {Wright, Matthew and Freed, Adrian and Momeni, Ali},
	Booktitle = {Proceedings of NIME-03},
	Date-Added = {2007-09-16 22:04:35 +0200},
	Date-Modified = {2008-02-03 21:07:37 +0100},
	Title = {OpenSound Control: State of the Art 2003},
	Year = {2003},
	Bdsk-File-1 = {YnBsaXN0MDDUAQIDBAUGBwpZJGFyY2hpdmVyWCR2ZXJzaW9uVCR0b3BYJG9iamVjdHNfEA9OU0tleWVkQXJjaGl2ZXISAAGGoNEICVRyb290gAGoCwwXGBkaHiVVJG51bGzTDQ4PEBMWWk5TLm9iamVjdHNXTlMua2V5c1YkY2xhc3OiERKABIAFohQVgAKAA4AHXHJlbGF0aXZlUGF0aFlhbGlhc0RhdGFfEDcuLi8uLi8uLi8uLi8uLi9SZWZlcmVuY2UvQmliZGVzay9XcmlnaHQvV3JpZ2h0XzIwMDMucGRm0hsPHB1XTlMuZGF0YU8RAaYAAAAAAaYAAgAADE1hY2ludG9zaCBIRAAAAAAAAAAAAAAAAAAAAMBqtRdIKwAAAB6MrA9XcmlnaHRfMjAwMy5wZGYAAAAAAAAAAAAAAAAAAAAAAAAAAAAAAAAAAAAAAAAAAAAAAAAAAAAAAAAAAAAAAAAAPC6swxNZV1BERiBwcnZ3AAUABAAACSAAAAAAAAAAAAAAAAAAAAAGV3JpZ2h0ABAACAAAwGqY9wAAABEACAAAwxM9NwAAAAEAFAAejKwAHBxWAAhkZQAIWdEAAGiFAAIARE1hY2ludG9zaCBIRDpVc2VyczphbGV4YW5qZTpSZWZlcmVuY2U6QmliZGVzazpXcmlnaHQ6V3JpZ2h0XzIwMDMucGRmAA4AIAAPAFcAcgBpAGcAaAB0AF8AMgAwADAAMwAuAHAAZABmAA8AGgAMAE0AYQBjAGkAbgB0AG8AcwBoACAASABEABIAN1VzZXJzL2FsZXhhbmplL1JlZmVyZW5jZS9CaWJkZXNrL1dyaWdodC9XcmlnaHRfMjAwMy5wZGYAABMAAS8AABUAAgAP//8AAIAG0h8gISJYJGNsYXNzZXNaJGNsYXNzbmFtZaMiIyRdTlNNdXRhYmxlRGF0YVZOU0RhdGFYTlNPYmplY3TSHyAmJ6InJFxOU0RpY3Rpb25hcnkACAARABsAJAApADIARABJAEwAUQBTAFwAYgBpAHQAfACDAIYAiACKAI0AjwCRAJMAoACqAOQA6QDxApsCnQKiAqsCtgK6AsgCzwLYAt0C4AAAAAAAAAIBAAAAAAAAACgAAAAAAAAAAAAAAAAAAALt}}

@inproceedings{Zbyszynski:2005,
	Address = {Barcelona},
	Annote = { Adrian Freed 
},
	Author = {Zbyszynski, Michael and Freed, Adrian},
	Booktitle = {Proceedings of the International Computer Music Conference},
	Date-Added = {2007-03-21 18:56:33 +0100},
	Date-Modified = {2008-02-03 21:06:11 +0100},
	Pages = {263--266},
	Title = {Control of {VST} Plug-Ins Using {OSC}},
	Year = {2005},
	Bdsk-File-1 = {YnBsaXN0MDDUAQIDBAUGBwpZJGFyY2hpdmVyWCR2ZXJzaW9uVCR0b3BYJG9iamVjdHNfEA9OU0tleWVkQXJjaGl2ZXISAAGGoNEICVRyb290gAGoCwwXGBkaHiVVJG51bGzTDQ4PEBMWWk5TLm9iamVjdHNXTlMua2V5c1YkY2xhc3OiERKABIAFohQVgAKAA4AHXHJlbGF0aXZlUGF0aFlhbGlhc0RhdGFfED8uLi8uLi8uLi8uLi8uLi9SZWZlcmVuY2UvQmliZGVzay9aYnlzenluc2tpL1pieXN6eW5za2lfMjAwNS5wZGbSGw8cHVdOUy5kYXRhTxEBwgAAAAABwgACAAAMTWFjaW50b3NoIEhEAAAAAAAAAAAAAAAAAAAAwGq1F0grAAAAK+1QE1pieXN6eW5za2lfMjAwNS5wZGYAAAAAAAAAAAAAAAAAAAAAAAAAAAAAAAAAAAAAAAAAAAAAAAAAAAAAAAAAAAAr7UPCJzBSUERGIHBydncABQAEAAAJIAAAAAAAAAAAAAAAAAAAAApaYnlzenluc2tpABAACAAAwGqY9wAAABEACAAAwiciQgAAAAEAFAAr7VAAHBxWAAhkZQAIWdEAAGiFAAIATE1hY2ludG9zaCBIRDpVc2VyczphbGV4YW5qZTpSZWZlcmVuY2U6QmliZGVzazpaYnlzenluc2tpOlpieXN6eW5za2lfMjAwNS5wZGYADgAoABMAWgBiAHkAcwB6AHkAbgBzAGsAaQBfADIAMAAwADUALgBwAGQAZgAPABoADABNAGEAYwBpAG4AdABvAHMAaAAgAEgARAASAD9Vc2Vycy9hbGV4YW5qZS9SZWZlcmVuY2UvQmliZGVzay9aYnlzenluc2tpL1pieXN6eW5za2lfMjAwNS5wZGYAABMAAS8AABUAAgAP//8AAIAG0h8gISJYJGNsYXNzZXNaJGNsYXNzbmFtZaMiIyRdTlNNdXRhYmxlRGF0YVZOU0RhdGFYTlNPYmplY3TSHyAmJ6InJFxOU0RpY3Rpb25hcnkACAARABsAJAApADIARABJAEwAUQBTAFwAYgBpAHQAfACDAIYAiACKAI0AjwCRAJMAoACqAOwA8QD5Ar8CwQLGAs8C2gLeAuwC8wL8AwEDBAAAAAAAAAIBAAAAAAAAACgAAAAAAAAAAAAAAAAAAAMR}}

@article{Zicarelli:1991,
	Author = {Zicarelli, David},
	Date-Added = {2007-02-20 21:47:48 -0500},
	Date-Modified = {2007-04-16 11:57:42 +0200},
	Journal = {Computer Music Journal},
	Local-Url = {file://localhost/Users/alexanje/Reference/Bibdesk/Zicarelli/Zicarelli_1991.pdf},
	Number = {4},
	Pages = {74--77},
	Title = {Communicationg with Meaningless Numbers},
	Volume = {15},
	Year = {1991},
	Bdsk-File-1 = {YnBsaXN0MDDUAQIDBAUGBwpZJGFyY2hpdmVyWCR2ZXJzaW9uVCR0b3BYJG9iamVjdHNfEA9OU0tleWVkQXJjaGl2ZXISAAGGoNEICVRyb290gAGoCwwXGBkaHiVVJG51bGzTDQ4PEBMWWk5TLm9iamVjdHNXTlMua2V5c1YkY2xhc3OiERKABIAFohQVgAKAA4AHXHJlbGF0aXZlUGF0aFlhbGlhc0RhdGFfED0uLi8uLi8uLi8uLi8uLi9SZWZlcmVuY2UvQmliZGVzay9aaWNhcmVsbGkvWmljYXJlbGxpXzE5OTEucGRm0hsPHB1XTlMuZGF0YU8RAbwAAAAAAbwAAgAADE1hY2ludG9zaCBIRAAAAAAAAAAAAAAAAAAAAMBqtRdIKwAAACElhRJaaWNhcmVsbGlfMTk5MS5wZGYAAAAAAAAAAAAAAAAAAAAAAAAAAAAAAAAAAAAAAAAAAAAAAAAAAAAAAAAAAAAAJ1DtAAAAAFBERiBDQVJPAAUABAAACSAAAAAAAAAAAAAAAAAAAAAJWmljYXJlbGxpAAAQAAgAAMBqmPcAAAARAAgAAAAAAAAAAAABABQAISWFABwcVgAIZGUACFnRAABohQACAEpNYWNpbnRvc2ggSEQ6VXNlcnM6YWxleGFuamU6UmVmZXJlbmNlOkJpYmRlc2s6WmljYXJlbGxpOlppY2FyZWxsaV8xOTkxLnBkZgAOACYAEgBaAGkAYwBhAHIAZQBsAGwAaQBfADEAOQA5ADEALgBwAGQAZgAPABoADABNAGEAYwBpAG4AdABvAHMAaAAgAEgARAASAD1Vc2Vycy9hbGV4YW5qZS9SZWZlcmVuY2UvQmliZGVzay9aaWNhcmVsbGkvWmljYXJlbGxpXzE5OTEucGRmAAATAAEvAAAVAAIAD///AACABtIfICEiWCRjbGFzc2VzWiRjbGFzc25hbWWjIiMkXU5TTXV0YWJsZURhdGFWTlNEYXRhWE5TT2JqZWN00h8gJieiJyRcTlNEaWN0aW9uYXJ5AAgAEQAbACQAKQAyAEQASQBMAFEAUwBcAGIAaQB0AHwAgwCGAIgAigCNAI8AkQCTAKAAqgDqAO8A9wK3ArkCvgLHAtIC1gLkAusC9AL5AvwAAAAAAAACAQAAAAAAAAAoAAAAAAAAAAAAAAAAAAADCQ==}}

@article{Wright:2005,
	Author = {Wright, Matthew},
	Date-Added = {2007-02-20 12:59:16 -0500},
	Date-Modified = {2008-02-03 21:04:21 +0100},
	Journal = {Organised Sound},
	Number = {3},
	Pages = {193--200},
	Title = {Open Sound Control: an enabling technology for musical networking},
	Volume = {10},
	Year = {2005},
	Bdsk-File-1 = {YnBsaXN0MDDUAQIDBAUGBwpZJGFyY2hpdmVyWCR2ZXJzaW9uVCR0b3BYJG9iamVjdHNfEA9OU0tleWVkQXJjaGl2ZXISAAGGoNEICVRyb290gAGoCwwXGBkaHiVVJG51bGzTDQ4PEBMWWk5TLm9iamVjdHNXTlMua2V5c1YkY2xhc3OiERKABIAFohQVgAKAA4AHXHJlbGF0aXZlUGF0aFlhbGlhc0RhdGFfEDMuLi8uLi8uLi8uLi9Eb2N1bWVudHMvQmliL1dyaWdodC9XcmlnaHRfMjAwNU9TQy5wZGbSGw8cHVdOUy5kYXRhTxEBiAAAAAABiAACAAAEbGltZQAAAAAAAAAAAAAAAAAAAAAAAAAAAAAAwXE46UgrAAAA/ysBEldyaWdodF8yMDA1T1NDLnBkZgAAAAAAAAAAAAAAAAAAAAAAAAAAAAAAAAAAAAAAAAAAAAAAAAAAAAAAAAAAAAD/KrzDxIH6AAAAAAAAAAAABAAEAAAJIAAAAAAAAAAAAAAAAAAAAAZXcmlnaHQAEAAIAADBcY1JAAAAEQAIAADDxNZaAAAAAQAUAP8rAQDeIWIAB9i+AAfYsQAAbxkAAgA2bGltZTpVc2Vyczp0aW06RG9jdW1lbnRzOkJpYjpXcmlnaHQ6V3JpZ2h0XzIwMDVPU0MucGRmAA4AJgASAFcAcgBpAGcAaAB0AF8AMgAwADAANQBPAFMAQwAuAHAAZABmAA8ACgAEAGwAaQBtAGUAEgAxVXNlcnMvdGltL0RvY3VtZW50cy9CaWIvV3JpZ2h0L1dyaWdodF8yMDA1T1NDLnBkZgAAEwABLwAAFQACAAr//wAAgAbSHyAhIlgkY2xhc3Nlc1okY2xhc3NuYW1loyIjJF1OU011dGFibGVEYXRhVk5TRGF0YVhOU09iamVjdNIfICYnoickXE5TRGljdGlvbmFyeQAIABEAGwAkACkAMgBEAEkATABRAFMAXABiAGkAdAB8AIMAhgCIAIoAjQCPAJEAkwCgAKoA4ADlAO0CeQJ7AoACiQKUApgCpgKtArYCuwK+AAAAAAAAAgEAAAAAAAAAKAAAAAAAAAAAAAAAAAAAAss=}}

@phdthesis{Lossius:2007,
	Address = {Bergen, Norway},
	Author = {Lossius, Trond},
	Date-Added = {2007-02-13 09:37:47 +0100},
	Date-Modified = {2007-07-07 20:40:37 +0200},
	Local-Url = {file://localhost/Users/alexanje/Reference/Bibdesk/Lossius/Lossius_2007.pdf},
	School = {Bergen National Academy of the Arts},
	Title = {Sound - Space - Body : Reflections on Artistic Practice},
	Type = {Research Fellowship in the Arts thesis},
	Year = {2007},
	Bdsk-File-1 = {YnBsaXN0MDDUAQIDBAUGBwpZJGFyY2hpdmVyWCR2ZXJzaW9uVCR0b3BYJG9iamVjdHNfEA9OU0tleWVkQXJjaGl2ZXISAAGGoNEICVRyb290gAGoCwwXGBkaHiVVJG51bGzTDQ4PEBMWWk5TLm9iamVjdHNXTlMua2V5c1YkY2xhc3OiERKABIAFohQVgAKAA4AHXHJlbGF0aXZlUGF0aFlhbGlhc0RhdGFfEDkuLi8uLi8uLi8uLi8uLi9SZWZlcmVuY2UvQmliZGVzay9Mb3NzaXVzL0xvc3NpdXNfMjAwNy5wZGbSGw8cHVdOUy5kYXRhTxEBrgAAAAABrgACAAAMTWFjaW50b3NoIEhEAAAAAAAAAAAAAAAAAAAAwGq1F0grAAAAH0PIEExvc3NpdXNfMjAwNy5wZGYAAAAAAAAAAAAAAAAAAAAAAAAAAAAAAAAAAAAAAAAAAAAAAAAAAAAAAAAAAAAAAAAlZDXB8pTWUERGIHBydncABQAEAAAJIAAAAAAAAAAAAAAAAAAAAAdMb3NzaXVzAAAQAAgAAMBqmPcAAAARAAgAAMHyhsYAAAABABQAH0PIABwcVgAIZGUACFnRAABohQACAEZNYWNpbnRvc2ggSEQ6VXNlcnM6YWxleGFuamU6UmVmZXJlbmNlOkJpYmRlc2s6TG9zc2l1czpMb3NzaXVzXzIwMDcucGRmAA4AIgAQAEwAbwBzAHMAaQB1AHMAXwAyADAAMAA3AC4AcABkAGYADwAaAAwATQBhAGMAaQBuAHQAbwBzAGgAIABIAEQAEgA5VXNlcnMvYWxleGFuamUvUmVmZXJlbmNlL0JpYmRlc2svTG9zc2l1cy9Mb3NzaXVzXzIwMDcucGRmAAATAAEvAAAVAAIAD///AACABtIfICEiWCRjbGFzc2VzWiRjbGFzc25hbWWjIiMkXU5TTXV0YWJsZURhdGFWTlNEYXRhWE5TT2JqZWN00h8gJieiJyRcTlNEaWN0aW9uYXJ5AAgAEQAbACQAKQAyAEQASQBMAFEAUwBcAGIAaQB0AHwAgwCGAIgAigCNAI8AkQCTAKAAqgDmAOsA8wKlAqcCrAK1AsACxALSAtkC4gLnAuoAAAAAAAACAQAAAAAAAAAoAAAAAAAAAAAAAAAAAAAC9w==}}

@article{Zicarelli:2002,
	Author = {Zicarelli, David},
	Date-Added = {2007-01-08 19:06:17 +0100},
	Date-Modified = {2007-04-16 11:57:42 +0200},
	Journal = {Computer Music Journal},
	Local-Url = {file://localhost/Users/alexanje/Reference/Bibdesk/Zicarelli/Zicarelli_2002.pdf},
	Month = {Winter},
	Number = {2},
	Pages = {44--51},
	Title = {How I Learned to Love a Program That Does Nothing},
	Volume = {26},
	Year = {2002},
	Bdsk-File-1 = {YnBsaXN0MDDUAQIDBAUGBwpZJGFyY2hpdmVyWCR2ZXJzaW9uVCR0b3BYJG9iamVjdHNfEA9OU0tleWVkQXJjaGl2ZXISAAGGoNEICVRyb290gAGoCwwXGBkaHiVVJG51bGzTDQ4PEBMWWk5TLm9iamVjdHNXTlMua2V5c1YkY2xhc3OiERKABIAFohQVgAKAA4AHXHJlbGF0aXZlUGF0aFlhbGlhc0RhdGFfED0uLi8uLi8uLi8uLi8uLi9SZWZlcmVuY2UvQmliZGVzay9aaWNhcmVsbGkvWmljYXJlbGxpXzIwMDIucGRm0hsPHB1XTlMuZGF0YU8RAbwAAAAAAbwAAgAADE1hY2ludG9zaCBIRAAAAAAAAAAAAAAAAAAAAMBqtRdIKwAAACElhRJaaWNhcmVsbGlfMjAwMi5wZGYAAAAAAAAAAAAAAAAAAAAAAAAAAAAAAAAAAAAAAAAAAAAAAAAAAAAAAAAAAAAADJf/wDWXP1BERiBDQVJPAAUABAAACSAAAAAAAAAAAAAAAAAAAAAJWmljYXJlbGxpAAAQAAgAAMBqmPcAAAARAAgAAMA1iS8AAAABABQAISWFABwcVgAIZGUACFnRAABohQACAEpNYWNpbnRvc2ggSEQ6VXNlcnM6YWxleGFuamU6UmVmZXJlbmNlOkJpYmRlc2s6WmljYXJlbGxpOlppY2FyZWxsaV8yMDAyLnBkZgAOACYAEgBaAGkAYwBhAHIAZQBsAGwAaQBfADIAMAAwADIALgBwAGQAZgAPABoADABNAGEAYwBpAG4AdABvAHMAaAAgAEgARAASAD1Vc2Vycy9hbGV4YW5qZS9SZWZlcmVuY2UvQmliZGVzay9aaWNhcmVsbGkvWmljYXJlbGxpXzIwMDIucGRmAAATAAEvAAAVAAIAD///AACABtIfICEiWCRjbGFzc2VzWiRjbGFzc25hbWWjIiMkXU5TTXV0YWJsZURhdGFWTlNEYXRhWE5TT2JqZWN00h8gJieiJyRcTlNEaWN0aW9uYXJ5AAgAEQAbACQAKQAyAEQASQBMAFEAUwBcAGIAaQB0AHwAgwCGAIgAigCNAI8AkQCTAKAAqgDqAO8A9wK3ArkCvgLHAtIC1gLkAusC9AL5AvwAAAAAAAACAQAAAAAAAAAoAAAAAAAAAAAAAAAAAAADCQ==}}

@phdthesis{Jensenius:2007,
	Author = {Jensenius, Alexander Refsum},
	Date-Added = {2007-01-08 12:56:05 +0100},
	Date-Modified = {2008-02-03 20:58:02 +0100},
	School = {University of Oslo},
	Title = {Action--Sound : Developing Methods and Tools for Studying Music-Related Bodily Movement},
	Year = {2007},
	Bdsk-File-1 = {YnBsaXN0MDDUAQIDBAUGBwpZJGFyY2hpdmVyWCR2ZXJzaW9uVCR0b3BYJG9iamVjdHNfEA9OU0tleWVkQXJjaGl2ZXISAAGGoNEICVRyb290gAGoCwwXGBkaHiVVJG51bGzTDQ4PEBMWWk5TLm9iamVjdHNXTlMua2V5c1YkY2xhc3OiERKABIAFohQVgAKAA4AHXHJlbGF0aXZlUGF0aFlhbGlhc0RhdGFfED4uLi8uLi8uLi8uLi8uLi9SZWZlcmVuY2UvQmliZGVzay9KZW5zZW5pdXMvSmVuc2VuaXVzXzIwMDdiLnBkZtIbDxwdV05TLmRhdGFPEQHAAAAAAAHAAAIAAAxNYWNpbnRvc2ggSEQAAAAAAAAAAAAAAAAAAADAarUXSCsAAAAdzbITSmVuc2VuaXVzXzIwMDdiLnBkZgAAAAAAAAAAAAAAAAAAAAAAAAAAAAAAAAAAAAAAAAAAAAAAAAAAAAAAAAAAAGE3ycOoJvBQREYgQ0FSTwAFAAQAAAkgAAAAAAAAAAAAAAAAAAAACUplbnNlbml1cwAAEAAIAADAapj3AAAAEQAIAADDqBjgAAAAAQAUAB3NsgAcHFYACGRlAAhZ0QAAaIUAAgBLTWFjaW50b3NoIEhEOlVzZXJzOmFsZXhhbmplOlJlZmVyZW5jZTpCaWJkZXNrOkplbnNlbml1czpKZW5zZW5pdXNfMjAwN2IucGRmAAAOACgAEwBKAGUAbgBzAGUAbgBpAHUAcwBfADIAMAAwADcAYgAuAHAAZABmAA8AGgAMAE0AYQBjAGkAbgB0AG8AcwBoACAASABEABIAPlVzZXJzL2FsZXhhbmplL1JlZmVyZW5jZS9CaWJkZXNrL0plbnNlbml1cy9KZW5zZW5pdXNfMjAwN2IucGRmABMAAS8AABUAAgAP//8AAIAG0h8gISJYJGNsYXNzZXNaJGNsYXNzbmFtZaMiIyRdTlNNdXRhYmxlRGF0YVZOU0RhdGFYTlNPYmplY3TSHyAmJ6InJFxOU0RpY3Rpb25hcnkACAARABsAJAApADIARABJAEwAUQBTAFwAYgBpAHQAfACDAIYAiACKAI0AjwCRAJMAoACqAOsA8AD4ArwCvgLDAswC1wLbAukC8AL5Av4DAQAAAAAAAAIBAAAAAAAAACgAAAAAAAAAAAAAAAAAAAMO}}

@inproceedings{Place:2006,
	Abstract = {Jamoma is a system for developing high-level modules in the Max/MSP/Jitter environment. Jamoma consists of two parts: A recommendation and an implementation of that recommendation. Jamoma offers a compelling set of benefits to users.  These benefits include fast and flexible interchange of modules, patch-building, and module construction, as well as possibilities of advanced control for the modules in performance. Jamoma modules may encapsulate any type of functionality that can be performed by Max, MSP, Jitter, its components (such as Java or JavaScript), or any third-party objects. 
},
	Address = {New Orleans, LA},
	Author = {Place, Timothy and Lossius, Trond},
	Booktitle = {Proceedings of the International Computer Music Conference},
	Date-Added = {2006-05-16 16:38:22 -0400},
	Date-Modified = {2008-02-03 21:05:47 +0100},
	Pages = {143--146},
	Title = {Jamoma: A Modular Standard for Structuring Patches in Max},
	Year = {2006},
	Bdsk-File-1 = {YnBsaXN0MDDUAQIDBAUGBwpZJGFyY2hpdmVyWCR2ZXJzaW9uVCR0b3BYJG9iamVjdHNfEA9OU0tleWVkQXJjaGl2ZXISAAGGoNEICVRyb290gAGoCwwXGBkaHiVVJG51bGzTDQ4PEBMWWk5TLm9iamVjdHNXTlMua2V5c1YkY2xhc3OiERKABIAFohQVgAKAA4AHXHJlbGF0aXZlUGF0aFlhbGlhc0RhdGFfEDUuLi8uLi8uLi8uLi8uLi9SZWZlcmVuY2UvQmliZGVzay9QbGFjZS9QbGFjZV8yMDA2LnBkZtIbDxwdV05TLmRhdGFPEQGgAAAAAAGgAAIAAAxNYWNpbnRvc2ggSEQAAAAAAAAAAAAAAAAAAADAarUXSCsAAAAfQ9MOUGxhY2VfMjAwNi5wZGYAAAAAAAAAAAAAAAAAAAAAAAAAAAAAAAAAAAAAAAAAAAAAAAAAAAAAAAAAAAAAAAAAAAyRt8CJ0DwAAAAAAAAAAAAFAAQAAAkgAAAAAAAAAAAAAAAAAAAABVBsYWNlAAAQAAgAAMBqmPcAAAARAAgAAMCJtBwAAAABABQAH0PTABwcVgAIZGUACFnRAABohQACAEJNYWNpbnRvc2ggSEQ6VXNlcnM6YWxleGFuamU6UmVmZXJlbmNlOkJpYmRlc2s6UGxhY2U6UGxhY2VfMjAwNi5wZGYADgAeAA4AUABsAGEAYwBlAF8AMgAwADAANgAuAHAAZABmAA8AGgAMAE0AYQBjAGkAbgB0AG8AcwBoACAASABEABIANVVzZXJzL2FsZXhhbmplL1JlZmVyZW5jZS9CaWJkZXNrL1BsYWNlL1BsYWNlXzIwMDYucGRmAAATAAEvAAAVAAIAD///AACABtIfICEiWCRjbGFzc2VzWiRjbGFzc25hbWWjIiMkXU5TTXV0YWJsZURhdGFWTlNEYXRhWE5TT2JqZWN00h8gJieiJyRcTlNEaWN0aW9uYXJ5AAgAEQAbACQAKQAyAEQASQBMAFEAUwBcAGIAaQB0AHwAgwCGAIgAigCNAI8AkQCTAKAAqgDiAOcA7wKTApUCmgKjAq4CsgLAAscC0ALVAtgAAAAAAAACAQAAAAAAAAAoAAAAAAAAAAAAAAAAAAAC5Q==}}

@inproceedings{Wright:2001,
	Address = {La Habana, Cuba},
	Author = {Wright, Matthew and Freed, Adrian and Lee, Ahm and Madden, Tim and Momeni, Ali},
	Booktitle = {Proceedings of the International Computer Music Conference},
	Date-Added = {2006-01-31 00:01:21 +0100},
	Date-Modified = {2008-02-03 21:05:55 +0100},
	Pages = {314--317},
	Title = {Managing Complexity with Explicit Mapping of Gestures to Sound Control with {OSC}},
	Year = {2001},
	Bdsk-File-1 = {YnBsaXN0MDDUAQIDBAUGBwpZJGFyY2hpdmVyWCR2ZXJzaW9uVCR0b3BYJG9iamVjdHNfEA9OU0tleWVkQXJjaGl2ZXISAAGGoNEICVRyb290gAGoCwwXGBkaHiVVJG51bGzTDQ4PEBMWWk5TLm9iamVjdHNXTlMua2V5c1YkY2xhc3OiERKABIAFohQVgAKAA4AHXHJlbGF0aXZlUGF0aFlhbGlhc0RhdGFfEDcuLi8uLi8uLi8uLi8uLi9SZWZlcmVuY2UvQmliZGVzay9XcmlnaHQvV3JpZ2h0XzIwMDEucGRm0hsPHB1XTlMuZGF0YU8RAaYAAAAAAaYAAgAADE1hY2ludG9zaCBIRAAAAAAAAAAAAAAAAAAAAMBqtRdIKwAAAB6MrA9XcmlnaHRfMjAwMS5wZGYAAAAAAAAAAAAAAAAAAAAAAAAAAAAAAAAAAAAAAAAAAAAAAAAAAAAAAAAAAAAAAAAADJfavMXiqgAAAAAAAAAAAAUABAAACSAAAAAAAAAAAAAAAAAAAAAGV3JpZ2h0ABAACAAAwGqY9wAAABEACAAAvMXGigAAAAEAFAAejKwAHBxWAAhkZQAIWdEAAGiFAAIARE1hY2ludG9zaCBIRDpVc2VyczphbGV4YW5qZTpSZWZlcmVuY2U6QmliZGVzazpXcmlnaHQ6V3JpZ2h0XzIwMDEucGRmAA4AIAAPAFcAcgBpAGcAaAB0AF8AMgAwADAAMQAuAHAAZABmAA8AGgAMAE0AYQBjAGkAbgB0AG8AcwBoACAASABEABIAN1VzZXJzL2FsZXhhbmplL1JlZmVyZW5jZS9CaWJkZXNrL1dyaWdodC9XcmlnaHRfMjAwMS5wZGYAABMAAS8AABUAAgAP//8AAIAG0h8gISJYJGNsYXNzZXNaJGNsYXNzbmFtZaMiIyRdTlNNdXRhYmxlRGF0YVZOU0RhdGFYTlNPYmplY3TSHyAmJ6InJFxOU0RpY3Rpb25hcnkACAARABsAJAApADIARABJAEwAUQBTAFwAYgBpAHQAfACDAIYAiACKAI0AjwCRAJMAoACqAOQA6QDxApsCnQKiAqsCtgK6AsgCzwLYAt0C4AAAAAAAAAIBAAAAAAAAACgAAAAAAAAAAAAAAAAAAALt}}

@inproceedings{Wright:1997,
	Address = {Thessaloniki},
	Author = {Wright, Matthew and Freed, Adrian},
	Booktitle = {Proceedings of the International Computer Music Conference},
	Date-Added = {2005-03-04 15:22:52 -0500},
	Date-Modified = {2008-02-03 21:05:27 +0100},
	Pages = {101--104},
	Title = {Open Sound Control: A New Protocol for Communicating with Sound Synthesizers},
	Year = {1997}}

@inproceedings{Zicarelli:1998,
	Address = {Ann Arbor, MI},
	Author = {Zicarelli, David},
	Booktitle = {Proceedings of the International Computer Music Conference},
	Date-Modified = {2008-02-03 21:06:19 +0100},
	Pages = {463--466},
	Title = {An Extensible Real-Time Signal Processing Environment for Max},
	Year = {1998}}

@comment{BibDesk Static Groups{
<?xml version="1.0" encoding="UTF-8"?>
<!DOCTYPE plist PUBLIC "-//Apple Computer//DTD PLIST 1.0//EN" "http://www.apple.com/DTDs/PropertyList-1.0.dtd">
<plist version="1.0">
<array>
	<dict>
		<key>group name</key>
		<string>Check out</string>
		<key>keys</key>
		<string></string>
	</dict>
</array>
</plist>
}}
